<collection xmlns="http://www.loc.gov/MARC21/slim">
<record>
  <leader>01025nam0a22002291i 450 </leader>
  <controlfield tag="001">IT\ICCU\CNCE\049362</controlfield>
  <controlfield tag="005">20130103000000.0</controlfield>
  <datafield tag="012" ind1=" " ind2=" ">
    <subfield code="a">i.l- cae. a-si dio, (C) 1590 (R)</subfield>
    <subfield code="2">fei</subfield>
  </datafield>
  <datafield tag="100" ind1=" " ind2=" ">
    <subfield code="a">19991018d1590        0itac0103    ba</subfield>
  </datafield>
  <datafield tag="101" ind1=" " ind2=" ">
    <subfield code="a">ITA</subfield>
  </datafield>
  <datafield tag="102" ind1=" " ind2=" ">
    <subfield code="a">IT</subfield>
  </datafield>
  <datafield tag="200" ind1="1" ind2=" ">
    <subfield code="a">℗La ℗solenne entrata del serenissimo duca di Sauoia nella citt ̉di Aix capo di Prouenza del mese di nouembre. 1590</subfield>
  </datafield>
  <datafield tag="210" ind1=" " ind2=" ">
    <subfield code="a">In Milano</subfield>
    <subfield code="c">per Gio. Battista Colonio</subfield>
    <subfield code="c">ad instanza delli heredi di Pietro Tini</subfield>
    <subfield code="d">1590</subfield>
  </datafield>
  <datafield tag="215" ind1=" " ind2=" ">
    <subfield code="a">\4! c.</subfield>
    <subfield code="d">8ʻ</subfield>
  </datafield>
  <datafield tag="620" ind1=" " ind2=" ">
    <subfield code="a">IT</subfield>
    <subfield code="d">Milano</subfield>
  </datafield>
  <datafield tag="712" ind1="0" ind2="0">
    <subfield code="a">Cologno, Giovanni Battista</subfield>
    <subfield code="3">IT\ICCU\CNCT\000414</subfield>
    <subfield code="4">650</subfield>
  </datafield>
  <datafield tag="712" ind1="0" ind2="0">
    <subfield code="a">Tini, Pietro - eredi</subfield>
    <subfield code="3">IT\ICCU\CNCT\001977</subfield>
    <subfield code="4">650</subfield>
  </datafield>
  <datafield tag="791" ind1="0" ind2="0">
    <subfield code="a">Colonio, Gio Battista</subfield>
    <subfield code="3">IT\ICCU\CNCT\004635</subfield>
    <subfield code="z">Cologno, Giovanni Battista</subfield>
  </datafield>
  <datafield tag="791" ind1="0" ind2="0">
    <subfield code="a">Colonius, Ioannes Baptista</subfield>
    <subfield code="3">IT\ICCU\CNCT\004636</subfield>
    <subfield code="z">Cologno, Giovanni Battista</subfield>
  </datafield>
  <datafield tag="791" ind1="0" ind2="0">
    <subfield code="a">Colonio, Juan Baptista</subfield>
    <subfield code="3">IT\ICCU\CNCT\004637</subfield>
    <subfield code="z">Cologno, Giovanni Battista</subfield>
  </datafield>
  <datafield tag="801" ind1=" " ind2="3">
    <subfield code="a">IT</subfield>
    <subfield code="b">ICCU</subfield>
    <subfield code="c">20201115</subfield>
  </datafield>
  <datafield tag="899" ind1=" " ind2=" ">
    <subfield code="a">Biblioteca nazionale Braidense. Milano</subfield>
    <subfield code="1">MI0185</subfield>
    <subfield code="2">MIL NB</subfield>
  </datafield>
</record>
</collection>
